@misc{WHO,
  title = {World Health Organization},
  howpublished = {\url{https://www.kaggle.com/kumarajarshi/life-expectancy-who}},
  note = {Accessed: 2021-11-30}
}

@misc{WB,
  title = {World Bank},
  howpublished = {\url{https://data.worldbank.org/indicator/SP.POP.TOTL}},
  note = {Accessed: 2021-11-30}
}

@misc{GHDx,
  title = {World Bank},
  howpublished = {\url{http://ghdx.healthdata.org/record/ihme-data/gross-domestic-product-gdp-estimates-country-1950-2015}},
  note = {Accessed: 2021-11-30}
}

@article{owidlifeexpectancy,
    author = {Max Roser, Esteban Ortiz-Ospina and Hannah Ritchie},
    title = {Life Expectancy},
    journal = {Our World in Data},
    year = {2013},
    note = {https://ourworldindata.org/life-expectancy}
}



